<?xml version="1.0" encoding="UTF-8"?>
<collection xmlns:xsi="http://www.w3.org/2001/XMLSchema-instance" xsi:schemaLocation="http://www.loc.gov/MARC21/slim http://www.loc.gov/standards/marcxml/schema/MARC21slim.xsd" xmlns="http://www.loc.gov/MARC21/slim">
<record>
  <leader>02910cam a2200445 i 4500</leader>
  <controlfield tag="001">4709702</controlfield>
  <controlfield tag="003">NNC</controlfield>
  <controlfield tag="005">20160718182200.0</controlfield>
  <controlfield tag="008">871110s1954    ua       b    001 0 ara c</controlfield>
  <datafield tag="010" ind1=" " ind2=" ">
    <subfield code="a">ne 61000056 </subfield>
  </datafield>
  <datafield tag="019" ind1=" " ind2=" ">
    <subfield code="a">28935373</subfield>
    <subfield code="a">264658523</subfield>
    <subfield code="a">419292965</subfield>
    <subfield code="a">642427848</subfield>
  </datafield>
  <datafield tag="035" ind1=" " ind2=" ">
    <subfield code="a">(OCoLC)ocm16962791</subfield>
  </datafield>
  <datafield tag="035" ind1=" " ind2=" ">
    <subfield code="a">(OCoLC)16962791</subfield>
    <subfield code="z">(OCoLC)28935373</subfield>
    <subfield code="z">(OCoLC)264658523</subfield>
    <subfield code="z">(OCoLC)419292965</subfield>
    <subfield code="z">(OCoLC)642427848</subfield>
  </datafield>
  <datafield tag="035" ind1=" " ind2=" ">
    <subfield code="a">(NNC)4709702</subfield>
  </datafield>
  <datafield tag="040" ind1=" " ind2=" ">
    <subfield code="a">CLU</subfield>
    <subfield code="b">eng</subfield>
    <subfield code="e">rda</subfield>
    <subfield code="c">CLU</subfield>
    <subfield code="d">DRP</subfield>
    <subfield code="d">IUL</subfield>
    <subfield code="d">CUY</subfield>
    <subfield code="d">DLC</subfield>
    <subfield code="d">OCLCQ</subfield>
    <subfield code="d">OCLCF</subfield>
    <subfield code="d">OSU</subfield>
    <subfield code="d">OCL</subfield>
  </datafield>
  <datafield tag="042" ind1=" " ind2=" ">
    <subfield code="a">pcc</subfield>
  </datafield>
  <datafield tag="050" ind1=" " ind2="4">
    <subfield code="a">BP130.2</subfield>
    <subfield code="b">.J4</subfield>
  </datafield>
  <datafield tag="100" ind1="1" ind2=" ">
    <subfield code="6">880-01</subfield>
    <subfield code="a">Jeffery, Arthur,</subfield>
    <subfield code="e">compiler.</subfield>
  </datafield>
  <datafield tag="245" ind1="1" ind2="0">
    <subfield code="6">880-02</subfield>
    <subfield code="a">Muqaddimatān fī ʻulūm al-Qurʼān :</subfield>
    <subfield code="b">wa-humā muqaddimat Kitāb al-Mabānī wa-muqaddimat Ibn ʻAṭīyah /</subfield>
    <subfield code="c">nasharahumā min al-makhṭūtāt al-maḥfuẓah fī Dār al-kutub bi-Bīrlīn, wa-Dār al-Kutub al-Miṣrīyah wa-waqafa ʻalá ṭaṣḥīḥīhā wa-tabʻiha Arthūr Jifrī.</subfield>
  </datafield>
  <datafield tag="246" ind1="3" ind2="0">
    <subfield code="6">880-03</subfield>
    <subfield code="a">Mabānī fī naẓm al-maʻānī</subfield>
  </datafield>
  <datafield tag="246" ind1="1" ind2="5">
    <subfield code="a">Two muqaddimas to the Qurʼanic sciences :</subfield>
    <subfield code="b">the Muqaddima to the Kitab al-Mabani and the Muqaddima of Ibn ʻAtiyya to his tafsir, edited from the MSS in Berlin and in Cairo</subfield>
  </datafield>
  <datafield tag="264" ind1=" " ind2="1">
    <subfield code="a">Miṣr :</subfield>
    <subfield code="b">Maktaba al-Khānijī,</subfield>
    <subfield code="c">1954.</subfield>
  </datafield>
  <datafield tag="300" ind1=" " ind2=" ">
    <subfield code="a">323 pages ;</subfield>
    <subfield code="c">24 cm</subfield>
  </datafield>
  <datafield tag="336" ind1=" " ind2=" ">
    <subfield code="a">text</subfield>
    <subfield code="b">txt</subfield>
    <subfield code="2">rdacontent</subfield>
  </datafield>
  <datafield tag="337" ind1=" " ind2=" ">
    <subfield code="a">unmediated</subfield>
    <subfield code="b">n</subfield>
    <subfield code="2">rdamedia</subfield>
  </datafield>
  <datafield tag="338" ind1=" " ind2=" ">
    <subfield code="a">volume</subfield>
    <subfield code="b">nc</subfield>
    <subfield code="2">rdacarrier</subfield>
  </datafield>
  <datafield tag="504" ind1=" " ind2=" ">
    <subfield code="a">Includes bibliographical references and index.</subfield>
  </datafield>
  <datafield tag="505" ind1="0" ind2=" ">
    <subfield code="6">880-04</subfield>
    <subfield code="a">Muqaddimat Kitāb al-mabānī li-naẓm al-maʻānī, li-muʼallif ghayr maʻrūf -- Muqaddimat Ibn ʻAṭīyah li-Tafsīrih al-musammá al-Jāmiʻ al-muḥarrar.</subfield>
  </datafield>
  <datafield tag="630" ind1="0" ind2="0">
    <subfield code="a">Qurʼan</subfield>
    <subfield code="x">Criticism, interpretation, etc.</subfield>
  </datafield>
  <datafield tag="630" ind1="0" ind2="0">
    <subfield code="a">Qurʼan</subfield>
    <subfield code="x">Hermeneutics.</subfield>
  </datafield>
  <datafield tag="630" ind1="0" ind2="7">
    <subfield code="a">Qurʼan.</subfield>
    <subfield code="2">fast</subfield>
    <subfield code="0">(OCoLC)fst01842877</subfield>
  </datafield>
  <datafield tag="650" ind1=" " ind2="7">
    <subfield code="a">Hermeneutics</subfield>
    <subfield code="2">fast</subfield>
    <subfield code="0">(OCoLC)fst00955492</subfield>
  </datafield>
  <datafield tag="655" ind1=" " ind2="7">
    <subfield code="a">Criticism, interpretation, etc.</subfield>
    <subfield code="2">fast</subfield>
    <subfield code="0">(OCoLC)fst01411635</subfield>
  </datafield>
  <datafield tag="700" ind1="1" ind2=" ">
    <subfield code="6">880-05</subfield>
    <subfield code="a">Ibn ʻAṭīyah, ʻAbd al-Ḥaqq ibn Ghālib,</subfield>
    <subfield code="d">-approximately 1147.</subfield>
    <subfield code="t">Jāmiʻ al-muḥarrar.</subfield>
    <subfield code="p">Muqaddimah.</subfield>
  </datafield>
  <datafield tag="880" ind1="1" ind2=" ">
    <subfield code="6">100-01/r</subfield>
    <subfield code="a">جفري، أرثر.</subfield>
  </datafield>
  <datafield tag="880" ind1="1" ind2="0">
    <subfield code="6">245-02/r</subfield>
    <subfield code="a">مقدمتان في علوم القرآن :</subfield>
    <subfield code="b">وهما مقدمة كتاب المباني ومقدمة ابن عطية /</subfield>
    <subfield code="c">نشرهما من المخطوطات المحفوظة في دار الكتب ببرلين ودار الكتب المصرية، ووقف على تصحيحهما وطبعهما أرثر جفري.</subfield>
  </datafield>
  <datafield tag="880" ind1="3" ind2="0">
    <subfield code="6">246-03/r</subfield>
    <subfield code="a">مباني في نظم المعاني</subfield>
  </datafield>
  <datafield tag="880" ind1=" " ind2="1">
    <subfield code="6">264-00/r</subfield>
    <subfield code="a">مصر :</subfield>
    <subfield code="b">مكتبة الخانجي،</subfield>
    <subfield code="c">1954.</subfield>
  </datafield>
  <datafield tag="880" ind1="0" ind2=" ">
    <subfield code="6">505-04/r</subfield>
    <subfield code="a">مقدمة كتاب المباني لنظم المعاني، لمؤلف غير معروف -- مقدمة ابن عطية لتفسيره المسمى الجامع المحرر.</subfield>
  </datafield>
  <datafield tag="880" ind1="1" ind2=" ">
    <subfield code="6">700-05/r</subfield>
    <subfield code="a">ابن عطية، عبد الحق بن غالب،</subfield>
    <subfield code="d">-approximately 1147.</subfield>
    <subfield code="t">جامع المحرر.</subfield>
    <subfield code="p">مقدمة.</subfield>
  </datafield>
  <datafield tag="955" ind1=" " ind2=" ">
    <subfield code="b">CU13152050</subfield>
    <subfield code="d">off,uts</subfield>
    <subfield code="e">OT47 J45</subfield>
  </datafield>
</record>
</collection>